@misc{cam2024,
  archiveprefix = {arXiv},
  author = {Bugayenko, Yegor},
  doi = {10.48550/arXiv.2403.08488},
  eprint = {2403.08488},
  primaryclass = {cs.SE},
  title = {{CAM: A Collection of Snapshots of GitHub Java Repositories Together With Metrics}},
  year = {2024},
}

@article{bansiya1999class,
  author = {Bansiya, Jagdish},
  journal = {{Journal of Object-Oriented Programming}},
  number = {8},
  pages = {47--52},
  title = {{Class Cohesion Metric for Object Oriented Designs}},
  volume = {11},
  year = {1999},
}

@article{dallal2012,
  author = {Al Dallal, Jehad and Briand, Lionel C.},
  doi = {10.1145/2089116.2089118},
  number = {2},
  publisher = {ACM},
  title = {{A Precise Method-Method Interaction-Based Cohesion Metric for Object-Oriented Classes}},
  volume = {21},
  year = {2012},
}

@article{counsell2006,
  author = {Counsell, Steve and Swift, Stephen and Crampton, Jason},
  doi = {10.1145/1131421.1131422},
  journal = {{ACM Transactions on Software Engineering and Methodology}},
  month = {apr},
  number = {2},
  pages = {123--149},
  publisher = {ACM},
  title = {{The Interpretation and Utility of Three Cohesion Metrics for Object-Oriented Design}},
  volume = {15},
  year = {2006},
}

@article{HendersonSellers1996,
  author = {Henderson-Sellers, Brian and Constantine, Larry L. and Graham, Ian M.},
  journal = {{Object Oriented Systems}},
  pages = {143--158},
  title = {{Coupling and Cohesion (towards a Valid Metrics Suite for Object-Oriented Analysis and Design)}},
  volume = {3},
  year = {1996},
}

@article{fernandez2006,
  author = {Fernández, Luis and Peña, Rosalía},
  journal = {{International Journal of Information Theories and Applications}},
  month = {01},
  title = {{A Sensitive Metric of Class Cohesion}},
  volume = {13},
  year = {2006},
}

