@INPROCEEDINGS{5463348,  author={Robles, Gregorio},  booktitle={IEEE Working Conference on Mining Software Repositories},   title={Replicating MSR: A Study of the Potential Replicability of Papers Published in the Mining Software Repositories Proceedings},   year={2010},  volume={},  number={},  pages={171-180},  doi={10.1109/MSR.2010.5463348}}


@ARTICLE{7887704,  author={Cosentino, Valerio and CÃ¡novas Izquierdo, Javier L. and Cabot, Jordi},  journal={IEEE Access},   title={A Systematic Mapping Study of Software Development With GitHub},   year={2017},  volume={5},  number={},  pages={7173-7192},  doi={10.1109/ACCESS.2017.2682323}}

@article{nunez2017source,
  title={Source Code Metrics: A Systematic Mapping Study},
  author={Nu{\~n}ez-Varela, Alberto S and P{\'e}rez-Gonzalez, H{\'e}ctor G and Mart{\'\i}nez-Perez, Francisco E and Soubervielle-Montalvo, Carlos},
  journal={Journal of Systems and Software},
  volume={128},
  pages={164--197},
  year={2017},
  publisher={Elsevier}
}

@article{mccabe1976complexity,
  title={{A Complexity Measure}},
  author={McCabe, Thomas J.},
  journal={{IEEE Transactions on Software Engineering}},
  number={4},
  pages={308--320},
  year={1976},
  publisher={IEEE}
}

@inproceedings{campbell2018cognitive,
  title={{Cognitive Complexity: An Overview and Evaluation}},
  author={Campbell, G. Ann},
  booktitle={{Proceedings of the International Conference on Technical Debt}},
  pages={57--58},
  year={2018}
}

@article{henderson1996coupling,
  title={{Coupling and Cohesion (Towards a Valid Metrics Suite for Object-Oriented Analysis and Design)}},
  author={Henderson-Sellers, Brian and Constantine, Larry L. and Graham, Ian M.},
  journal={{Object Oriented Systems}},
  volume={3},
  number={3},
  pages={143--158},
  year={1996}
}

@article{counsell2006interpretation,
  title={{The Interpretation and Utility of Three Cohesion Metrics for Object-Oriented Design}},
  author={Counsell, Steve and Swift, Stephen and Crampton, Jason},
  journal={{ACM Transactions on Software Engineering and Methodology (TOSEM)}},
  volume={15},
  number={2},
  pages={123--149},
  year={2006},
  publisher={ACM New York, NY, USA},
  doi={10.1145/1131421.1131422}
}


@article{bieman1995cohesion,
  title={{Cohesion and Reuse in an Object-Oriented System}},
  author={Bieman, James M. and Kang, Byung-Kyoo},
  journal={{SIGSOFT Software Engineering Notes}},
  volume={20},
  number={SI},
  pages={259--262},
  year={1995},
  publisher={ACM New York, NY, USA}
}